<?xml version="1.0" encoding="UTF-8"?><record xmlns="http://www.loc.gov/MARC21/slim" xmlns:cinclude="http://apache.org/cocoon/include/1.0" xmlns:zs="http://www.loc.gov/zing/srw/">
  <leader>00421nz  a2200121n  4500</leader>
  <controlfield tag="001">n 2010000631</controlfield>
  <controlfield tag="003">DLC</controlfield>
  <controlfield tag="005">20100106081409.0</controlfield>
  <controlfield tag="008">100105n| acannaabn          |n aaa      </controlfield>
  <datafield tag="010" ind1=" " ind2=" ">
    <subfield code="a">n 2010000631</subfield>
  </datafield>
  <datafield tag="040" ind1=" " ind2=" ">
    <subfield code="a">DLC</subfield>
    <subfield code="b">eng</subfield>
    <subfield code="c">DLC</subfield>
  </datafield>
  <datafield tag="100" ind1="1" ind2=" ">
    <subfield code="a">Mascia, John,</subfield>
    <subfield code="d">1937-2001</subfield>
  </datafield>
  <datafield tag="670" ind1=" " ind2=" ">
    <subfield code="a">Mascia, Jennifer. Never tell our business to strangers, 2010:</subfield>
    <subfield code="b">ECIP text (John Mascia, father of Jennifer Mascia, b. Apr. 10, 1937; died of cancer in 2001)</subfield>
  </datafield>
</record>